<?xml version="1.0" encoding="UTF-8"?><record xmlns="http://www.loc.gov/MARC21/slim" xmlns:cinclude="http://apache.org/cocoon/include/1.0" xmlns:zs="http://www.loc.gov/zing/srw/">
  <leader>00440cz  a2200145n  4500</leader>
  <controlfield tag="001">n 2008069037</controlfield>
  <controlfield tag="003">DLC</controlfield>
  <controlfield tag="005">20090115081943.0</controlfield>
  <controlfield tag="008">081009n| acannaabn          |a aad      </controlfield>
  <datafield tag="010" ind1=" " ind2=" ">
    <subfield code="a">n 2008069037</subfield>
  </datafield>
  <datafield tag="040" ind1=" " ind2=" ">
    <subfield code="a">DLC</subfield>
    <subfield code="b">eng</subfield>
    <subfield code="c">DLC</subfield>
    <subfield code="d">DLC</subfield>
  </datafield>
  <datafield tag="100" ind1="1" ind2=" ">
    <subfield code="a">Bretherton, Freddy</subfield>
  </datafield>
  <datafield tag="400" ind1="1" ind2=" ">
    <subfield code="a">Bretherton, Freddie</subfield>
  </datafield>
  <datafield tag="670" ind1=" " ind2=" ">
    <subfield code="a">Reaching for the moon, 1943</subfield>
    <subfield code="b">(Freddy Bretherton)</subfield>
  </datafield>
  <datafield tag="670" ind1=" " ind2=" ">
    <subfield code="a">Ann Veronica, 1939</subfield>
    <subfield code="b">DLC copy theater program (Music by Freddie Bretherton)</subfield>
  </datafield>
</record>